@inproceedings{shah2018airsim,
  title={Airsim: High-fidelity visual and physical simulation for autonomous vehicles},
  author={Shah, Shital and Dey, Debadeepta and Lovett, Chris and Kapoor, Ashish},
  booktitle={Field and service robotics},
  pages={621--635},
  year={2018},
  organization={Springer}
}

