@inproceedings{shah2018airsim,
	author = {Shital Shah and Debadeepta Dey and Chris Lovett and Ashish Kapoor},
	title = {AirSim: High-Fidelity Visual and Physical Simulation for Autonomous Vehicles},
	year = {2017},
	booktitle = {Field and Service Robotics},
	eprint = {arXiv:1705.05065},
	url = {https://arxiv.org/abs/1705.05065}
}

@book{reactive-web-apps,
	title={Reactive Web Applications: Covers Play, Akka, and Reactive Streams},
	author={Bernhardt, Manuel},
	year={2016},
	publisher={Manning Publications Co.}
}

@misc{reactive-manifesto,
	url={http://www.reactive-streams.org/},
	journal={Reactive-streams.org},
	year={2019}
}

@book{dsl-book,
	title={Domain-specific languages},
	author={Fowler, Martin},
	year={2010},
	publisher={Pearson Education}
}

@misc{real-world-bandits,
	title={Jonathan Langford: Contextual Bandits for Real World Reinforcement Learning - The K-Armed Bandit Problem | Coursera},
	url={https://www.coursera.org/learn/fundamentals-of-reinforcement-learning/lecture/GkDVA/jonathan-langford-contextual-bandits-for-real-world-reinforcement-learning},
	journal={Coursera},
	author={Langford, Jonathan},
	year={2019}
}

@inproceedings{wang2015kafka,
	title={Kafka and its using in high-throughput and reliable message distribution},
	author={Wang, Zhenghe and Dai, Wei and Wang, Feng and Deng, Hui and Wei, Shoulin and Zhang, Xiaoli and Liang, Bo},
	booktitle={2015 8th International Conference on Intelligent Networks and Intelligent Systems (ICINIS)},
	pages={117--120},
	year={2015},
	organization={IEEE}
}

@article{messagepack,
	title={MessagePack.(2017)},
	author={Furuhashi, S},
	journal={URL http://msgpack. org/. Accessed},
	pages={02--21},
	year={2014}
}

@misc{basicShapes,
	url={https://developer.mozilla.org/en-US/docs/Web/SVG/Tutorial/Basic_Shapes},
	journal={MDN Web Docs},
	year={2019}
},
@book{masteringSVG,
	place={Birmingham},
	title={Mastering SVG},
	publisher={Packt Publishing Ltd},
	author={Larsen, Rob},
	year={2018}
},
@article{rlForUAVs,
	title={Reinforcement learning for uav attitude control},
	author={Koch, William and Mancuso, Renato and West, Richard and Bestavros, Azer},
	journal={ACM Transactions on Cyber-Physical Systems},
	volume={3},
	number={2},
	pages={22},
	year={2019},
	publisher={ACM}
}

@inproceedings{cardellini2017auto,
	title={Auto-Scaling in Data Stream Processing Applications: A Model-Based Reinforcement Learning Approach},
	author={Cardellini, Valeria and Presti, Francesco Lo and Nardelli, Matteo and Russo, Gabriele Russo},
	booktitle={Workshop on New Frontiers in Quantitative Methods in Informatics},
	pages={97--110},
	year={2017},
	organization={Springer}
}

@inproceedings{anne-paper,
	title={Simulating differential games with improved fidelity to better inform cooperative \& adversarial two vehicle UAV flight},
	author={Redulla, Anne and Singh, Surya PN},
	booktitle={2018 IEEE International Conference on Simulation, Modeling, and Programming for Autonomous Robots (SIMPAR)},
	pages={130--136},
	year={2018},
	organization={IEEE}
}